 
@article{key_word_article,
title = {Article's title},
journal = {Energy},
volume = {211},
pages = {118945},
year = {2020},
issn = {0360-5442},
doi = {https://doi.org/10.1016/j.energy.2020.118945},
url = {https://www.sciencedirect.com/science/article/pii/S0360544220320521},
author = {Names of the authors}
}

@misc{hertzian,
title = {\url{ https://en.wikipedia.org/wiki/Contact\_mechanics\#/media/File:Contact\_sphere-plane.jpg}},
note = {Site update: 2022-01-03}}

@article{resonance_freq,
title = {Flexures},
pages = {258},
year = {2000},
issn = {9780429180361},
doi = {https://doi.org/10.1201/9781482282962},
author = {Stuart T. Smith}
}

@article{sine_surface,
author = {Patalas, Adam and Regus, Michał and Peta, Katarzyna},
year = {2018},
month = {01},
pages = {02010},
title = {Studies of thin-walled parts deformation by gripping force during turning process on an example of bearing ring},
volume = {244},
journal = {MATEC Web of Conferences},
doi = {10.1051/matecconf/201824402010}
}

@misc{veneto_agr,
title = {Azienda Pilota e Dimostrativa ValleVecchia – Caorle (VE)},
url={https://www.venetoagricoltura.org/2007/01/sedi/azienda-pilota-e-dimostrativa-vallevecchia-caorle-ve/},
notes = {Site update: 2023-12-31}}

@masterthesis{tesi_rossetti,
author = {Valentina Rossetti},
title = {INTRODUZIONE DELLA VEGETAZIONE POTENZIALE NELLE PINETE ARTIFICIALI DEL LITORALE VENETO},
school = {Università degli Studi di Padova},
year = 2008
}

@article{tesi_paoletti,
author = {Maurizio G. Paoletti and Alessandra D'Incà and Emanuele Tonin and Stefano Tonon and Carlo Migliorini and Giannantonio Petruzzelli and Beatrice Pezzarossa and Tiziano Gomiero and Daniele Sommaggio},
title = {Soil Invertebrates as Bio-indicators in a Natural Area Converted from Agricultural Use: The Case Study of Vallevecchia-Lugugnana in North-Eastern Italy},
journal = {Journal of Sustainable Agriculture},
volume = {34},
number = {1},
pages = {38-56},
year = {2009},
publisher = {Taylor & Francis},
doi = {10.1080/10440040903396698},
URL = {https://doi.org/10.1080/10440040903396698},
eprint = {https://doi.org/10.1080/10440040903396698}
}

@masterthesis{grassland_in_a_changing_world,
    author ={ H. Schnyder and J. Isselstein and F. Taube and K. Auerswald and J. Schellberg and M. Wachendorf and A. Herrmann and M. Gierus and N. Wrage and A. Hopkins},
    title = {Grassland in a changing world},
    school = {Kiel Germany},
    year = {2010}
}
